<record><leader>00000cas a22000007a 4500</leader><controlfield tag="001">15096685</controlfield><controlfield tag="008">870121d19041981paudn ne      0    0eng d</controlfield><datafield ind1=" " ind2=" " tag="010"><subfield code="a">sn 87079960 </subfield></datafield><datafield ind1=" " ind2=" " tag="040"><subfield code="a">NPH</subfield><subfield code="b">eng</subfield><subfield code="c">NPH</subfield><subfield code="d">NSD</subfield><subfield code="d">OCLCQ</subfield></datafield><datafield ind1=" " ind2=" " tag="042"><subfield code="a">msc</subfield></datafield><datafield ind1="0" ind2="0" tag="245"><subfield code="a">Indiana evening gazette.</subfield></datafield><datafield ind1="1" ind2="7" tag="246"><subfield code="a">Indiana County gazette</subfield></datafield><datafield ind1=" " ind2=" " tag="260"><subfield code="a">Indiana, Pa. :</subfield><subfield code="b">Indiana Pub. Co.,</subfield><subfield code="c">1904-1981.</subfield></datafield><datafield ind1=" " ind2=" " tag="300"><subfield code="a">78 v. :</subfield><subfield code="b">ill.</subfield></datafield><datafield ind1=" " ind2=" " tag="310"><subfield code="a">Daily (except Sun.)</subfield></datafield><datafield ind1="0" ind2=" " tag="362"><subfield code="a">Vol. 1, no. 16 (Sept. 9, 1904)-v. 78, no. 110 (Dec. 31, 1981).</subfield></datafield><datafield ind1=" " ind2=" " tag="500"><subfield code="a">From Jan. 14, 1958-Aug. 25, 1970, two issues published each week day; early issue called: County ed., and late issue called: City ed. One issue published on Saturday called: City County ed. From Aug. 26, 1970-&lt;1972&gt;, all issues called: City County ed. Issues for &lt;1974&gt;-1981 lack ed. statement.</subfield></datafield><datafield ind1=" " ind2=" " tag="752"><subfield code="a">United States</subfield><subfield code="b">Pennsylvania</subfield><subfield code="c">Indiana</subfield><subfield code="d">Indiana.</subfield></datafield><datafield ind1="0" ind2=" " tag="775"><subfield code="t">Indiana County gazette (Indiana, Pa. : Weekly)</subfield><subfield code="w">(DLC)sn 87078186</subfield></datafield><datafield ind1="0" ind2="0" tag="780"><subfield code="t">Indiana County gazette (Indiana, Pa. : Daily)</subfield><subfield code="w">(DLC)sn 87078191</subfield></datafield><datafield ind1="0" ind2="0" tag="785"><subfield code="t">Indiana gazette (Indiana, Pa.)</subfield><subfield code="x">1078-2605</subfield><subfield code="w">(DLC)sn 87078187</subfield></datafield></record>